% This file was created with JabRef 2.10b2.
% Encoding: UTF-8

@Comment @string{ECAI = {European Conference on Artificial Intelligence}}
@Comment @string{IJCAI = {International Joint Conference on Artificial Intelligence}}
@string{JAIR = {J. Artif. Intell. Res.(JAIR) (\href{http://portal.core.edu.au/jnl-ranks/145/}{CORE Rank: A, Acceptance Ratio $\approx$ 10\%})}}
@string{KEPS = {Proc. ICAPS Workshop on Knowledge Engineering for Planning and Scheduling(KEPS)}}
@string{ICAPS = {Proc. International Conference of Automated Planning and Scheduling(ICAPS) (\href{http://portal.core.edu.au/conf-ranks/919/}{CORE Rank: A*, Acceptance Ratio $\approx$ 33\%})}}
@string{SPARK = {Proc. ICAPS Workshop on Scheduling and Planning Applications (SPARK)}}
@string{AAAI = {Proc. AAAI Conference on Artificial Intelligence (\href{http://portal.core.edu.au/conf-ranks/1629/}{CORE Rank: A*, Acceptance Ratio 10-25\%})}}
@string{AAAIST = {Student Abstracts, AAAI Conference on Artificial Intelligence}}
@string{HSDIP = "{Proc. ICAPS Workshop on Heuristics and Search for Domain-independent Planning (HSDIP)}"}
@string{IJCAI = {{Proc. International Joint Conference on Artificial Intelligence (IJCAI) (\href{http://portal.core.edu.au/conf-ranks/1313/}{CORE Rank: A*, Acceptance Ratio 10-25\%})}}}

@InProceedings{Asai2014,
  Title                    = {{Fully Automated Cyclic Planning for Large-Scale Manufacturing Domains}},
  Author                   = {Masataro Asai and Alex Fukunaga},
  Booktitle                = ICAPS,
  Year                     = {2014},

  Address                  = {Portsmouth, NH},
  Month                    = {June},

  Owner                    = {guicho},
  Timestamp                = {2013.01.23}
}

@InProceedings{Asai2014b,
  Title                    = {{Applying Problem Decomposition to Extremely Large Planning Domains}},
  Author                   = {Masataro Asai and Alex Fukunaga},
  Booktitle                = KEPS,
  Year                     = {2014},

  Address                  = {Portsmouth, NH},
  Month                    = {June},

  Owner                    = {guicho},
  Timestamp                = {2013.01.23}
}

@InProceedings{Asai2015,
  Title                    = {{Solving Large-Scale Planning Problems by Decomposition and Macro Generation}},
  Author                   = {Masataro Asai and Alex Fukunaga},
  Booktitle                = ICAPS,
  Year                     = {2015},

  Address                  = {Jerusalem, Israel},
  Month                    = {June},

  Owner                    = {guicho},
  Timestamp                = {2013.01.23}
}

@InProceedings{Asai2016,
  Title                    = {{Tiebreaking Strategies for $A^*$ Search: How to Explore the Final Frontier?}},
  Author                   = {Masataro Asai and Alex Fukunaga},
  Booktitle                = AAAI,
  Year                     = {2016},

  Address                  = {Arizona, USA},
  Month                    = {February},

  Owner                    = {guicho},
  Timestamp                = {2013.01.23}
}

@InProceedings{Asai2016c,
  Title                    = {{(Student Abstract) Improving Greedy Best-First Search by Removing Unintended Search Bias}},
  Author                   = {Masataro Asai and Alex Fukunaga},
  Booktitle                = AAAIST,
  Year                     = {2017},
  Address                  = {Calfornia, USA},
  Month                    = {February},
}


@InProceedings{Endo2016,
  Title                    = {{Evaluation of a Simple, Window-based, Replanning Approach to Plan Optimization}},
  Author                   = {Shoma Endo and Masataro Asai and Alex Fukunaga},
  Booktitle                = HSDIP,
  Year                     = {2016},

  Address                  = {London, UK},
  Month                    = {June},

  Owner                    = {guicho},
  Timestamp                = {2013.01.23}
}

@InProceedings{Asai2017,
  Title                    = {{Tie-Breaking Strategies for Cost-Optimal Best First Search}},
  Author                   = {Masataro Asai and Alex Fukunaga},
  Booktitle                = JAIR,
  Year                     = {2017},
  Month                    = {January},
  volume                   = 58,
  pages                    = {67--121},
}

@InProceedings{Asai2017b,
  Title                    = {{Exploration Among and Within Plateaus in Greedy Best-First Search}},
  Author                   = {Masataro Asai and Alex Fukunaga},
  Booktitle                = ICAPS,
  Year                     = {2017},
  Address                  = {Pittsburgh, USA},
  Month                    = {June},
}

@InProceedings{Asai2017c,
  Title                    = {{Classical Planning in Deep Latent Space: From Unlabeled Images to PDDL (and back)}},
  Author                   = {Masataro Asai and Alex Fukunaga},
  Booktitle                = KEPS,
  Year                     = {2017, \url{https://arxiv.org/abs/1705.00154}. Also accepted in Neural-Symbolic Workshop (NeSy), Cognitum (IJCAI) Workshop.},
  Address                  = {Pittsburgh, USA},
  Month                    = {June},
}

@InProceedings{Asai2017d,
  Title                    = {{Tie-Breaking in A* as Satisficing Search.}},
  Author                   = {Masataro Asai and Alex Fukunaga},
  Booktitle                = HSDIP,
  Year                     = {2017},
  Address                  = {Pittsburgh, USA},
  Month                    = {June},
}

@inproceedings{Asai2017e,
	address = {Melbourne, Australia},
	author = {Asai, Masataro and Kishimoto, Akihiro and Botea, Adi and Marinescu, Radu and Daly, Elizabeth M. and Kotoulas, Spyros},
	booktitle = IJCAI,
	month = {August},
	title = {{Efficient Optimal Search under Expensive Edge Cost Computation}},
	year = {2017}
}

@inproceedings{Asai2018,
	address = {New Orleans, Louisiana, USA},
	author = {Masataro Asai and Alex Fukunaga},
	booktitle = AAAI,
	month = {February},
	title = {{Classical Planning in Deep Latent Space: Bridging the Subsymbolic-Symbolic Boundary}},
	year = {2018}
}


@article{Asai2018b,
	author = {Asai, Masataro},
	journal = {CoRR},
	title = {{Photo-Realistic Blocksworld Dataset}},
	volume = {abs/1812.01818},
	year = {2018}
}

@inproceedings{Asai2019a,
	address = {San Francisco, Calfornia, USA},
	author = {Masataro Asai and Hiroshi Kajino},
	booktitle = ICAPS,
	month = {July},
	title = {{Towards Stable Symbol Grounding with Zero-Suppressed State AutoEncoder}},
	year = {2019}
}

@inproceedings{Asai2019b,
	address = {San Francisco, Calfornia, USA},
	author = {Asai, Masataro},
	booktitle = ICAPS,
	month = {July},
	title = {{Unsupervised Grounding of Plannable First-Order Logic Representation from Images}},
	year = {2019}
}

@article{Asai2019c,
	author = {Asai, Masataro},
	journal = {CoRR},
	title = {{Set Cross Entropy: Likelihood-based Permutation Invariant Loss Function for Probability Distributions}},
	volume = {abs/1812.01217},
	year = {2019}
}

@inproceedings{Asai2020,
	author = {Asai, Masataro and Muise, Christian},
	booktitle = IJCAI,
	title = {{Learning Neural-Symbolic Descriptive Planning Models via Cube-Space Priors: The Voyage Home (to STRIPS)}},
	year = {2020}
}

@inproceedings{Asai2020b,
	author = {Asai, Masataro},
	booktitle = KEPS,
	title = {{Neural-Symbolic Descriptive Action Model from Images: The Search for STRIPS}},
	year = {2020}
}

@inproceedings{Asai2020c,
	author = {Asai, Masataro and Tang, Zilu},
	booktitle = KEPS,
	title = {{Discrete Word Embedding for Logical Natural Language Understanding}},
	year = {2020}
}

@book{Asai2021,
	author = {Pascal Hitzler and Md Kamruzzaman Sarker},
	publisher = {IOS Press},
	title = {{Neuro-Symbolic Artificial Intelligence: The State of the Art (In press, contributed book chapter)}},
	year = {2021}
}

@article{Asai2022,
	author = {Asai, Masataro and Kajino, Hiroshi and Fukunaga, Alex and Muise, Christian},
	journal = JAIR,
	title = {{Classical Planning in Deep Latent Space}},
	year = {2022}
}

@inproceedings{Asai2022b,
        title={{Reinforcement Learning for Classical Planning: Viewing Heuristics as Dense Reward Generators}},
        author={Gehring, Clement and Asai, Masataro and Chitnis, Rohan and Silver, Tom and Kaelbling, Leslie Pack and Sohrabi, Shirin and Katz, Michael},
	year = {2021},
	booktitle = ICAPS,
}

@inproceedings{Asai2022c,
        title={{Is Policy Learning Overrated?: Width-Based Planning and Active Learning for Atari}},
        author={Asai, Masataro and Ayton, Benjamin},
	year = {2021},
	booktitle = ICAPS,
}

